<?xml version="1.0" encoding="UTF-8"?><collection xmlns="http://www.loc.gov/MARC21/slim"><record><leader>00499nam--2200145-i-4500</leader><controlfield tag="001">000013415</controlfield><controlfield tag="002">20161230</controlfield><controlfield tag="005">20170208143117</controlfield><controlfield tag="008">060222s1000------------r-----000-0-eng-d</controlfield><datafield ind1=" " ind2=" " tag="100"><subfield code="a">Borderie, Bernard</subfield></datafield><datafield ind1=" " ind2=" " tag="245"><subfield code="a">Analyse par activation a l aide de tritons, particules alpha et ions lourds. interet des fai sceaux de basse energie (1 mev/nucleon) pour l analyse immediate</subfield><subfield code="b">these</subfield></datafield><datafield ind1=" " ind2=" " tag="260"><subfield code="a">Paris</subfield><subfield code="b">Universite</subfield><subfield code="c">1978</subfield></datafield><datafield ind1=" " ind2=" " tag="300"><subfield code="a">94 p</subfield></datafield><datafield ind1=" " ind2=" " tag="852"><subfield code="a">543.42:539.164(043)</subfield></datafield><datafield ind1=" " ind2=" " tag="CAT"><subfield code="a">SYS</subfield><subfield code="c">20170208</subfield><subfield code="h">143117</subfield></datafield></record></collection>